<?xml version="1.0" encoding="UTF-8"?><collection><record><leader>02629ntm a2200385 a 4500</leader><controlfield tag="001">002641754</controlfield><controlfield tag="003">MiAaHDL</controlfield><controlfield tag="005">20190719000000.0</controlfield><controlfield tag="006">m        d        </controlfield><controlfield tag="007">cr bn ---auaua</controlfield><controlfield tag="008">930712q17uu18uuxx            00||  ara d</controlfield><datafield tag="035" ind1=" " ind2=" "><subfield code="a">(MiU)002641754</subfield></datafield><datafield tag="035" ind1=" " ind2=" "><subfield code="a">sdr-miu002641754</subfield></datafield><datafield tag="035" ind1=" " ind2=" "><subfield code="a">(RLIN)MIUH93-A224</subfield></datafield><datafield tag="040" ind1=" " ind2=" "><subfield code="a">MiU</subfield><subfield code="c">MiU</subfield><subfield code="e">appm</subfield></datafield><datafield tag="100" ind1="1" ind2=" "><subfield code="6">880-01</subfield><subfield code="a">Jīlī, ʻAbd al-Karīm ibn Ibrāhīm,</subfield><subfield code="d">1365 or 1366-</subfield></datafield><datafield tag="245" ind1="1" ind2="3"><subfield code="6">880-02</subfield><subfield code="a">al-Asfār ʻan risālat al-anwār :</subfield><subfield code="b">fīmā yatajallá li-ahl al-dhikr min al-asrār :</subfield><subfield code="k">manuscript,</subfield><subfield code="f">[18th or 19th century?] /</subfield><subfield code="c">al-matn lil-ʻārif bi-llāh wa-al-dāll ʻalayhi sayyidī al-shaykh Muḥyī al-Dīn ibn al-ʻArabī ; wa-al-sharḥ lil-ʻārif bi-llāh al-shaykh ʻAbd al-Karīm al-Jīlī al-Yamanī.</subfield></datafield><datafield tag="300" ind1=" " ind2=" "><subfield code="a">1</subfield><subfield code="f">v. ([323] p.) ;</subfield><subfield code="c">20 cm.</subfield></datafield><datafield tag="500" ind1=" " ind2=" "><subfield code="a">Ibn al-ʻArabī's text in red, commentary by author in black; extensive marginal commentaries in hand of copyist.</subfield></datafield><datafield tag="500" ind1=" " ind2=" "><subfield code="a">Pp. [1-206]. Bound with: ʻAbd al-Ghanī ibn Ismāʻīl, Hādhā sharḥ amṭarathu al-samawāt al-hamá ... lil-risālah ... allatī qadhaf bihā ... sayyidī al-shaykh Arslān al-mansūb bi-Dimishq al-Shām, pp. [210-323].</subfield></datafield><datafield tag="510" ind1="4" ind2=" "><subfield code="a">EI2,</subfield><subfield code="c">v. i, p. 71a</subfield></datafield><datafield tag="520" ind1=" " ind2=" "><subfield code="a">Commentary on Ibn al-ʻArabī's Kitāb al-asfār, on "the 3 journeys, to, from and in God." Encyc. Islam, v. iii, p. 707b.</subfield></datafield><datafield tag="538" ind1=" " ind2=" "><subfield code="a">Mode of access: Internet.</subfield></datafield><datafield tag="541" ind1=" " ind2=" "><subfield code="d">1924</subfield><subfield code="3">Manuscript</subfield><subfield code="a">Anonymous</subfield><subfield code="c">Purchase, 1924</subfield><subfield code="h">$50.00</subfield></datafield><datafield tag="545" ind1=" " ind2=" "><subfield code="a">A Muslim mystic who died about 1428.</subfield></datafield><datafield tag="561" ind1=" " ind2=" "><subfield code="a">Purchased in Cairo, 1924. Once part of the personal manuscript collection of Sultan Abdülhamid of Turkey.</subfield></datafield><datafield tag="600" ind1="0" ind2="0"><subfield code="6">880-03</subfield><subfield code="a">Ibn al-ʻArabī,</subfield><subfield code="d">1165-1240.</subfield><subfield code="t">Kitāb al-asfār.</subfield></datafield><datafield tag="650" ind1=" " ind2="0"><subfield code="a">Sufism</subfield><subfield code="y">Early works to 1800.</subfield></datafield><datafield tag="650" ind1=" " ind2="0"><subfield code="a">Manuscripts, Arabic</subfield><subfield code="z">Michigan</subfield><subfield code="z">Ann Arbor.</subfield></datafield><datafield tag="700" ind1="0" ind2=" "><subfield code="6">880-04</subfield><subfield code="a">Ibn al-ʻArabī,</subfield><subfield code="d">1165-1240.</subfield><subfield code="t">Kitāb al-asfār.</subfield></datafield><datafield tag="700" ind1="0" ind2=" "><subfield code="a">Abdülhamid</subfield><subfield code="b">II,</subfield><subfield code="c">Sultan of the Turks,</subfield><subfield code="d">1842-1918,</subfield><subfield code="e">former owner.</subfield></datafield><datafield tag="773" ind1="0" ind2=" "><subfield code="a">Abdul Hamid Collection.</subfield><subfield code="7">unbc</subfield><subfield code="w">(CStRLIN)MIUH93-A187.</subfield></datafield><datafield tag="880" ind1="0" ind2=" "><subfield code="6">700-04/</subfield><subfield code="a">ابن العربي.</subfield><subfield code="t">كتاب الأسفار.</subfield></datafield><datafield tag="880" ind1="0" ind2="4"><subfield code="6">600-03/</subfield><subfield code="a">ابن العربي.</subfield><subfield code="t">كتاب الأسفار.</subfield></datafield><datafield tag="880" ind1="1" ind2="2"><subfield code="6">245-02/</subfield><subfield code="a">الأسفار عن رسالة الأنوار :</subfield><subfield code="b">فيما يتجلى لأهل الذكر من الأسرار :</subfield><subfield code="k">manuscript،</subfield><subfield code="f">[القرن 18 أو 19م؟] /</subfield><subfield code="c">المتن للعارف بالله والدال عليه سيدي الشيخ محي الدين بن العربي ؛ والشرح للعارف بالله الشيخ عبد الكريم الجيلي اليمني.</subfield></datafield><datafield tag="880" ind1="0" ind2=" "><subfield code="6">100-01/</subfield><subfield code="a">عبد الكريم بن ابراهيم الجيلي.</subfield></datafield><datafield tag="CID" ind1=" " ind2=" "><subfield code="a">002641754</subfield></datafield><datafield tag="DAT" ind1="0" ind2=" "><subfield code="a">20190719102633.0</subfield><subfield code="b">20190719000000.0</subfield></datafield><datafield tag="DAT" ind1="1" ind2=" "><subfield code="a">20190719090653.0</subfield><subfield code="b">2019-07-19T16:10:43Z</subfield></datafield><datafield tag="DAT" ind1="2" ind2=" "><subfield code="a">2015-10-10T18:00:06Z</subfield><subfield code="b">2014-03-05T21:00:03Z</subfield></datafield><datafield tag="CAT" ind1=" " ind2=" "><subfield code="a">SDR-MIU</subfield><subfield code="d">EX LIBRIS - ALEPH</subfield><subfield code="l">prepare.pl-004-008</subfield></datafield><datafield tag="FMT" ind1=" " ind2=" "><subfield code="a">BK</subfield></datafield><datafield tag="HOL" ind1=" " ind2=" "><subfield code="0">sdr-miu002641754</subfield><subfield code="a">MiU</subfield><subfield code="b">SDR</subfield><subfield code="c">MIU</subfield><subfield code="p">mdp.39015081447669</subfield><subfield code="s">MIU</subfield><subfield code="1">002641754</subfield></datafield><datafield tag="974" ind1=" " ind2=" "><subfield code="b">MIU</subfield><subfield code="c">MIU</subfield><subfield code="d">20190719</subfield><subfield code="s">lit-dlps-dc</subfield><subfield code="u">mdp.39015081447669</subfield><subfield code="y">1899</subfield><subfield code="r">pd</subfield><subfield code="q">exp</subfield></datafield></record></collection>